<?xml version="1.0" encoding="UTF-8"?><collection xmlns="http://www.loc.gov/MARC21/slim"><record><leader>00512nam--2200181-i-4500</leader><controlfield tag="001">000033426</controlfield><controlfield tag="002">20161230</controlfield><controlfield tag="005">20161230201039</controlfield><controlfield tag="008">060222s1000------------r-----000-0-eng-d</controlfield><datafield ind1=" " ind2=" " tag="040"><subfield code="a">IFIN-HH</subfield></datafield><datafield ind1="1" ind2=" " tag="100"><subfield code="a">Montgomery, D.C</subfield></datafield><datafield ind1="1" ind2="0" tag="245"><subfield code="a">Plasma kinetic theory</subfield><subfield code="c">D.c. montgomery, d.a. tidman</subfield></datafield><datafield ind1=" " ind2=" " tag="260"><subfield code="a">New York, Mcgraw-hill Book Co., 1964,</subfield></datafield><datafield ind1=" " ind2=" " tag="300"><subfield code="a">XII + 293P</subfield></datafield><datafield ind1=" " ind2=" " tag="490"><subfield code="a">Mcgraw-hill Advanced Physics Monographs Series</subfield></datafield><datafield ind1="1" ind2=" " tag="700"><subfield code="a">Tidman, D.A</subfield></datafield><datafield ind1=" " ind2=" " tag="852"><subfield code="a">21157</subfield><subfield code="c">533.9</subfield></datafield><datafield ind1=" " ind2=" " tag="CAT"><subfield code="a">Sys</subfield><subfield code="c">20100922</subfield><subfield code="h">101515</subfield></datafield></record></collection>